{
  "leader": "04826cam a2200481 a 4500",
  "fields": [
    {
      "001": "ocm10256217\\"
    },
    {
      "003": "OCoLC"
    },
    {
      "005": "20220701133943.0"
    },
    {
      "008": "830506s1983\\\\\\\\nyu\\\\\\\\\\\\b\\\\\\\\001\\0\\eng\\\\"
    },
    {
      "006": "m\\\\\\\\\\\\\\\\d\\\\\\\\\\\\\\\\"
    },
    {
      "007": "cr\\bn|---auaua"
    },
    {
      "010": {
        "ind1": "\\",
        "ind2": "\\",
        "subfields": [
          {
            "a": "   83081223 "
          }
        ]
      }
    },
    {
      "040": {
        "ind1": "\\",
        "ind2": "\\",
        "subfields": [
          {
            "a": "DLC"
          },
          {
            "b": "eng"
          },
          {
            "c": "DLC"
          },
          {
            "d": "BTCTA"
          },
          {
            "d": "BAKER"
          },
          {
            "d": "YDXCP"
          },
          {
            "d": "GEBAY"
          },
          {
            "d": "CLE"
          },
          {
            "d": "UKMGB"
          },
          {
            "d": "OCLCF"
          },
          {
            "d": "DEBBG"
          },
          {
            "d": "OVY"
          },
          {
            "d": "OCLCQ"
          },
          {
            "d": "EUQ"
          },
          {
            "d": "OCLCQ"
          },
          {
            "d": "LWA"
          },
          {
            "d": "ZNC"
          },
          {
            "d": "OCLCO"
          }
        ]
      }
    },
    {
      "016": {
        "ind1": "7",
        "ind2": "\\",
        "subfields": [
          {
            "a": "007792706"
          },
          {
            "2": "Uk"
          }
        ]
      }
    },
    {
      "019": {
        "ind1": "\\",
        "ind2": "\\",
        "subfields": [
          {
            "a": "10305017"
          },
          {
            "a": "10845195"
          },
          {
            "a": "1064021601"
          },
          {
            "a": "1083421109"
          },
          {
            "a": "1089385691"
          },
          {
            "a": "1162729795"
          },
          {
            "a": "1164059089"
          },
          {
            "a": "1165345385"
          },
          {
            "a": "1201586143"
          },
          {
            "a": "1201988323"
          },
          {
            "a": "1251861671"
          },
          {
            "a": "1295773245"
          },
          {
            "a": "1303425650"
          }
        ]
      }
    },
    {
      "020": {
        "ind1": "\\",
        "ind2": "\\",
        "subfields": [
          {
            "a": "0879540796"
          }
        ]
      }
    },
    {
      "020": {
        "ind1": "\\",
        "ind2": "\\",
        "subfields": [
          {
            "a": "9780879540791"
          }
        ]
      }
    },
    {
      "020": {
        "ind1": "\\",
        "ind2": "\\",
        "subfields": [
          {
            "a": "0879540818"
          }
        ]
      }
    },
    {
      "020": {
        "ind1": "\\",
        "ind2": "\\",
        "subfields": [
          {
            "a": "9780879540814"
          }
        ]
      }
    },
    {
      "035": {
        "ind1": "\\",
        "ind2": "\\",
        "subfields": [
          {
            "a": "(OCoLC)10256217"
          },
          {
            "z": "(OCoLC)10305017"
          },
          {
            "z": "(OCoLC)10845195"
          },
          {
            "z": "(OCoLC)1064021601"
          },
          {
            "z": "(OCoLC)1083421109"
          },
          {
            "z": "(OCoLC)1089385691"
          },
          {
            "z": "(OCoLC)1162729795"
          },
          {
            "z": "(OCoLC)1164059089"
          },
          {
            "z": "(OCoLC)1165345385"
          },
          {
            "z": "(OCoLC)1201586143"
          },
          {
            "z": "(OCoLC)1201988323"
          },
          {
            "z": "(OCoLC)1251861671"
          },
          {
            "z": "(OCoLC)1295773245"
          },
          {
            "z": "(OCoLC)1303425650"
          }
        ]
      }
    },
    {
      "043": {
        "ind1": "\\",
        "ind2": "\\",
        "subfields": [
          {
            "a": "n-us---"
          }
        ]
      }
    },
    {
      "050": {
        "ind1": "0",
        "ind2": "0",
        "subfields": [
          {
            "a": "HN90.V64"
          },
          {
            "b": "A43 1983"
          }
        ]
      }
    },
    {
      "082": {
        "ind1": "0",
        "ind2": "0",
        "subfields": [
          {
            "a": "361.76320973"
          },
          {
            "b": "AME"
          }
        ]
      }
    },
    {
      "245": {
        "ind1": "0",
        "ind2": "0",
        "subfields": [
          {
            "a": "America's voluntary spirit :"
          },
          {
            "b": "a book of readings /"
          },
          {
            "c": "edited by Brian O'Connell ; foreword by John W. Gardner."
          }
        ]
      }
    },
    {
      "260": {
        "ind1": "\\",
        "ind2": "\\",
        "subfields": [
          {
            "a": "New York :"
          },
          {
            "b": "Foundation Center,"
          },
          {
            "c": "1983."
          }
        ]
      }
    },
    {
      "300": {
        "ind1": "\\",
        "ind2": "\\",
        "subfields": [
          {
            "a": "xxi, 461 pages ;"
          },
          {
            "c": "24 cm"
          }
        ]
      }
    },
    {
      "336": {
        "ind1": "\\",
        "ind2": "\\",
        "subfields": [
          {
            "a": "text"
          },
          {
            "b": "txt"
          },
          {
            "2": "rdacontent"
          }
        ]
      }
    },
    {
      "337": {
        "ind1": "\\",
        "ind2": "\\",
        "subfields": [
          {
            "a": "unmediated"
          },
          {
            "b": "n"
          },
          {
            "2": "rdamedia"
          }
        ]
      }
    },
    {
      "338": {
        "ind1": "\\",
        "ind2": "\\",
        "subfields": [
          {
            "a": "volume"
          },
          {
            "b": "nc"
          },
          {
            "2": "rdacarrier"
          }
        ]
      }
    },
    {
      "504": {
        "ind1": "\\",
        "ind2": "\\",
        "subfields": [
          {
            "a": "Includes bibliographical references (pages 410-446) and index."
          }
        ]
      }
    },
    {
      "505": {
        "ind1": "0",
        "ind2": "0",
        "subfields": [
          {
            "g": "Foreword:"
          },
          {
            "t": "The independent sector /"
          },
          {
            "r": "John W. Gardner --"
          },
          {
            "t": "Our religious heritage --"
          },
          {
            "t": "Pre-Christian philanthropy /"
          },
          {
            "r": "Warren Weaver --"
          },
          {
            "t": "Roots of voluntarism /"
          },
          {
            "r": "Rosemary Higgins Cass"
          },
          {
            "g": "and"
          },
          {
            "r": "Gordon Manser --"
          },
          {
            "t": "Altruism : self sacrifice for others /"
          },
          {
            "r": "Lewis Thomas --"
          },
          {
            "t": "Without volunteers : a lost civilization /"
          },
          {
            "r": "Erma Bombeck --"
          },
          {
            "t": "A model of Christian charity /"
          },
          {
            "r": "John Winthrop --"
          },
          {
            "t": "Doing good in the new world /"
          },
          {
            "r": "Robert Bremner --"
          },
          {
            "t": "Bonifacious : essays to do good /"
          },
          {
            "r": "Cotton Mather --"
          },
          {
            "t": "Man the reformer /"
          },
          {
            "r": "Ralph Waldo Emerson --"
          },
          {
            "t": "Of the use which Americans make of public associations in civil life /"
          },
          {
            "r": "Alexis de Tocqueville --"
          },
          {
            "t": "True and false philosophy /"
          },
          {
            "r": "McGuffy's reader --"
          },
          {
            "t": "Raising money /"
          },
          {
            "r": "Booker T. Washington --"
          },
          {
            "t": "Charitable effort /"
          },
          {
            "r": "Jane Addams --"
          },
          {
            "t": "The joiners /"
          },
          {
            "r": "Max Lerner --"
          },
          {
            "t": "Philanthropy /"
          },
          {
            "r": "Henry David Thoreau --"
          },
          {
            "t": "The gospel of wealth /"
          },
          {
            "r": "Andrew Carnegie --"
          },
          {
            "t": "The difficult art of giving /"
          },
          {
            "r": "John D. Rockefeller --"
          },
          {
            "t": "Principles of public giving /"
          },
          {
            "r": "Julius Rosenwald --"
          },
          {
            "t": "From charity to philanthropy /"
          },
          {
            "r": "Daniel Boorstin --"
          },
          {
            "t": "Stories of notable givers /"
          },
          {
            "r": "Arnaud C. Marts --"
          },
          {
            "t": "The unique contribution of the volunteer /"
          },
          {
            "r": "Ruth Dodd --"
          },
          {
            "t": "American philanthropy and the national character /"
          },
          {
            "r": "Merle Curti --"
          },
          {
            "t": "Liberation and stalemate /"
          },
          {
            "r": "David Reisman --"
          },
          {
            "t": "The American as reformer /"
          },
          {
            "r": "Arthur Schlesinger, Sr. --"
          },
          {
            "t": "The Negro in retrospect and prospect /"
          },
          {
            "r": "Mary McLeod Bethune --"
          },
          {
            "t": "Achieving civil rights /"
          },
          {
            "r": "John Hope Franklin --"
          },
          {
            "t": "The last days of the fight for women's suffrage /"
          },
          {
            "r": "Inez Haynes Irwin --"
          },
          {
            "t": "Mexican-American organizations /"
          },
          {
            "r": "Henry Santiestevan --"
          },
          {
            "t": "Private initiative for the public good /"
          },
          {
            "r": "John W. Gardner --"
          },
          {
            "t": "The nongovernmental organization at bay /"
          },
          {
            "r": "Alan Piper --"
          },
          {
            "t": "Reclaiming the American Dream /"
          },
          {
            "r": "Richard Cornuelle --"
          },
          {
            "t": "The role of private philanthropy in a changing society /"
          },
          {
            "r": "Commission on Foundations and Private Philanthropy --"
          },
          {
            "t": "The third sector /"
          },
          {
            "r": "Commission on Foundations and Private Philanthropy --"
          },
          {
            "t": "The voluntary sector /"
          },
          {
            "r": "Pablo Eisenberg --"
          },
          {
            "t": "The impact of the voluntary sector on society /"
          },
          {
            "r": "David Horton Smith --"
          },
          {
            "t": "The foundation as an expression of a democratic society /"
          },
          {
            "r": "Adam Yarmolinsky --"
          },
          {
            "t": "The third sector /"
          },
          {
            "r": "John D. Rockerfeller 3rd --"
          },
          {
            "t": "The third section : Keystone of a caring society /"
          },
          {
            "r": "Waldemar Nielsen --"
          },
          {
            "t": "What kind of society shall we have? /"
          },
          {
            "r": "Richard W. Lyman --"
          },
          {
            "t": "Corporate philanthropy : historical background /"
          },
          {
            "r": "Barry D. Karl --"
          },
          {
            "t": "Corporate philanthropy : an integral part of corporate social responsibility /"
          },
          {
            "r": "Business Roundtable --"
          },
          {
            "t": "Corporate social responsibility /"
          },
          {
            "r": "Walter A. Haas, Jr. --"
          },
          {
            "t": "The social goals of a corporation /"
          },
          {
            "r": "John H. Filer --"
          },
          {
            "t": "We cannot live for ourselves alone /"
          },
          {
            "r": "Vernon E. Jordan, Jr. --"
          },
          {
            "t": "The meaning of volunteering /"
          },
          {
            "r": "Brian O'Connell."
          }
        ]
      }
    },
    {
      "650": {
        "ind1": "\\",
        "ind2": "0",
        "subfields": [
          {
            "a": "Voluntarism"
          },
          {
            "z": "United States."
          }
        ]
      }
    },
    {
      "650": {
        "ind1": "\\",
        "ind2": "0",
        "subfields": [
          {
            "a": "Charities"
          },
          {
            "z": "United States."
          }
        ]
      }
    },
    {
      "650": {
        "ind1": "\\",
        "ind2": "7",
        "subfields": [
          {
            "a": "Charities."
          },
          {
            "2": "fast"
          },
          {
            "0": "(OCoLC)fst00852404"
          }
        ]
      }
    },
    {
      "650": {
        "ind1": "\\",
        "ind2": "7",
        "subfields": [
          {
            "a": "Voluntarism."
          },
          {
            "2": "fast"
          },
          {
            "0": "(OCoLC)fst01168976"
          }
        ]
      }
    },
    {
      "651": {
        "ind1": "\\",
        "ind2": "7",
        "subfields": [
          {
            "a": "United States."
          },
          {
            "2": "fast"
          },
          {
            "0": "(OCoLC)fst01204155"
          }
        ]
      }
    },
    {
      "700": {
        "ind1": "1",
        "ind2": "\\",
        "subfields": [
          {
            "a": "O'Connell, Brian,"
          },
          {
            "d": "1930-2011."
          }
        ]
      }
    },
    {
      "710": {
        "ind1": "2",
        "ind2": "\\",
        "subfields": [
          {
            "a": "Foundation Center."
          }
        ]
      }
    },
    {
      "776": {
        "ind1": "0",
        "ind2": "8",
        "subfields": [
          {
            "i": "Online version:"
          },
          {
            "t": "America's voluntary spirit."
          },
          {
            "d": "New York : Foundation Center, 1983"
          },
          {
            "w": "(OCoLC)558551254"
          }
        ]
      }
    },
    {
      "776": {
        "ind1": "0",
        "ind2": "8",
        "subfields": [
          {
            "i": "Online version:"
          },
          {
            "t": "America's voluntary spirit."
          },
          {
            "d": "New York : Foundation Center, 1983"
          },
          {
            "w": "(OCoLC)608992126"
          }
        ]
      }
    },
    {
      "994": {
        "ind1": "\\",
        "ind2": "\\",
        "subfields": [
          {
            "a": "Z0"
          },
          {
            "b": "NYRVC"
          }
        ]
      }
    },
    {
      "948": {
        "ind1": "\\",
        "ind2": "\\",
        "subfields": [
          {
            "h": "NO HOLDINGS IN NYRVC - 480 OTHER HOLDINGS"
          }
        ]
      }
    },
    {
      "999": {
        "ind1": "\\",
        "ind2": "\\",
        "subfields": [
          {
            "a": "00000000014012"
          }
        ]
      }
    }
  ]
}